@article{Times,
    author    = {Frederic Golden},
    title     = {Albert Einstein},
    journal   = {TIME},
    year      = {1999},
    pages     = {7-8},
    ISSN      = {0040-781X},
    volume    = {1}
}

@article{ccf,
    author    = {Franz Hinterleitner},
    title     = {Obecná teorie relativity - milník na cestě ke kvantové gravitaci},
    journal   = {Československý časopis pro fyziku},
    year      = {2018},
    pages     = {216-221},
    ISSN      = {0009-0700},
    volume    = {68},
}

@article{albert_patents,
    author   = {Trainer Matthew},
    title     = {Albert Einstein’s patents},
    journal   = {World Patent Information},
    year      = {2006},
    pages     = {159-165},
    volume    = {28},
    number    = {2},
    ISSN      = {0172-2190}
}

@misc{online_article1,
    author    = {Jiří Bureš},
    title     = {Albert Einstein},
    howpublished = {[online]},
    year      = {2002},
    url       = {http://www.converter.cz/fyzici/einstein.htm},
    note      = {[vid. 13. 4. 2020]}
}

@misc{wikipedia,
    author    = {Přispěvatelé Wikipedie},
    title     = {Obecná teorie relativity},
    howpublished = {[online]},
    year      = {2020},
    url       = {https://en.wikipedia.org/wiki/General_relativity},
    note      = {[vid. 13. 4. 2020]}
}

@misc{manhattan,
    author    = {Eva Kepková},
    title     = {Pacifista nebo průkopník atomové bomby?},
    howpublished = {[online]},
    year      = {2003},
    url       = {https://www.3pol.cz/cz/rubriky/biografie/180-pacifista-nebo-prukopnik-atomove-bomby},
    note      = {[vid. 13. 4. 2020]}
}

@book{nadherna_teorie,
    author    = {Pedro G. Ferreira},
    title     = {Nádherná Teorie},
    publisher = {Vyšehrad},
    year      = {2015},
    ISBN      = {978-80-7429-532-4}
}

@book{relativity,
    author    = {Albert Einstein},
    title     = {Relativity: The Special and the General Theory},
    publisher = {Albert Einstein},
    year      = {1916},
    ISBN      = {0-517-029618}
}

@MastersThesis{foto,
    author    = {Michal Knězek},
    title     = {Mylné názory na teorii relativity},
    school    = {Masarykova Univerzita, Pedagogická Fakulta, Katedra fyziky, chemie a odborného vzdělání, Brno},
    year      = {2018},
    type      = {Diplomová práce}
    
    
}

@MastersThesis{foto2,
    author    = {Michal Knězek},
    title     = {Základy obecné teorie relativity},
    school    = {Masarykova Univerzita, Pedagogická Fakulta, Ústav teoretické fyziky a astrofyziky, Brno},
    year      = {2016},
    type      = {Bakalářská práce}
    
    
}